<?xml version="1.0" encoding="UTF-8"?><collection xmlns="http://www.loc.gov/MARC21/slim"><record><leader>00357nam--2200109-i-4500</leader><controlfield tag="001">000043117</controlfield><controlfield tag="002">20161230</controlfield><controlfield tag="005">20161230201043</controlfield><controlfield tag="008">060222s1000------------r-----000-0-eng-d</controlfield><datafield ind1=" " ind2=" " tag="245"><subfield code="a">Summary recommandations of the panel industrial applicatiions of radioisotopes with special reference to the developing countries</subfield></datafield><datafield ind1=" " ind2=" " tag="260"><subfield code="a">Vienna, Aiea, 1965. 7 P</subfield></datafield><datafield ind1=" " ind2=" " tag="852"><subfield code="a">20853</subfield></datafield></record></collection>